@article{Ramond_2022,
	doi = {10.1080/00029890.2022.2010494},
  
	url = {https://doi.org/10.1080%2F00029890.2022.2010494},
  
	year = 2022,
	month = {mar},
  
	publisher = {Informa {UK} Limited},
  
	volume = {129},
  
	number = {3},
  
	pages = {231--245},
  
	author = {Paul Ramond},
  
	title = {The Abel{\textendash}Ruffini Theorem: Complex but Not Complicated},
  
	journal = {The American Mathematical Monthly}
}

@Book{Plestenjak2010,
  author    = {Bor Plestenjak},
  publisher = {Fakulteta za Matematiko in Fiziko},
  title     = {Numerične Metode},
  year      = {2010},
}

@Book{Plestenjak2021,
  author    = {Bor Plestenjak},
  publisher = {Fakulteta za Matematiko in Fiziko},
  title     = {Iterativne numerične metode v linearni algebri},
  year      = {2021},
}

@misc{quadiblocFloatingPointFormats,
	author = {},
	title = {{F}loating-{P}oint {F}ormats --- quadibloc.com},
	howpublished = {\url{http://www.quadibloc.com/comp/cp0201.htm}},
	year = {},
	note = {[Dostopano 10-09-2023]},
}

@inbook{sparsem,
author = {Scott, Jennifer and Tůma, Miroslav},
year = {2023},
month = {01},
pages = {1-18},
title = {An Introduction to Sparse Matrices},
isbn = {978-3-031-25819-0},
doi = {10.1007/978-3-031-25820-6_1}
}

@Book{Ridgway2011,
  author    = {L. Ridgway Scott},
  publisher = {Princeton University Press},
  title     = {Numerical Analysis},
  year      = {2011},
}

  @misc{ enwiki:1168913577,
    author = "{Wikipedia contributors}",
    title = "Double-precision floating-point format --- {Wikipedia}{,} The Free Encyclopedia",
    year = "2023",
    howpublished = "\url{https://en.wikipedia.org/w/index.php?title=Double-precision_floating-point_format&oldid=1168913577}",
    note = "[Online; accessed 8-September-2023]"
  }


@article{lagguerrmetoda,
author = {Cameron, Thomas},
year = {2019},
month = {11},
pages = {},
title = {An effective implementation of a modified Laguerre method for the roots of a polynomial},
volume = {82},
journal = {Numerical Algorithms},
doi = {10.1007/s11075-018-0641-9}
}

@book{Bohte_1993, place={Ljubljana}, title={Numerično reševanje nelinearnih enačb}, volume={34}, ISBN={961-212-002-1}, abstractNote={Knjiga obsega tale poglavja: Osnove numeričnega računanja, Bisekcija, Splošna iteracija, Posebne metode, Algebraične enačbe, Sistemi nelinearnih enačb. Poleg izpeljav in študija konvergence raznih numeričnih metod je poudarjen vpliv končne aritmetike na njihovo vedenje v praksi. Tekst spremljajo številni numerični primeri. Vsako poglavje dopolnjujejo naloge.}, note={1.000 izv.}, publisher={Društvo matematikov, fizikov in astronomov Slovenije}, author={Bohte, Zvonimir}, year={1993}, pages={175} }

@article{Kulpa1997,
  doi = {10.2307/2975081},
  url = {https://doi.org/10.2307/2975081},
  year = {1997},
  month = jun,
  publisher = {{JSTOR}},
  volume = {104},
  number = {6},
  pages = {545},
  author = {Wladyslaw Kulpa},
  title = {The Poincare-Miranda Theorem},
  journal = {The American Mathematical Monthly}
}

@ARTICLE{8766229,
  author={},
  journal={IEEE Std 754-2019 (Revision of IEEE 754-2008)}, 
  title={IEEE Standard for Floating-Point Arithmetic}, 
  year={2019},
  volume={},
  number={},
  pages={1-84},
  doi={10.1109/IEEESTD.2019.8766229}}